@article{ringner2008principal,
  title={What is principal component analysis?},
  author={Ringn{\'e}r, Markus},
  journal={Nature biotechnology},
  volume={26},
  number={3},
  pages={303--304},
  year={2008},
  publisher={Nature Publishing Group US New York}
}

@article{jolliffe2016principal,
  title={Principal component analysis: a review and recent developments},
  author={Jolliffe, Ian T and Cadima, Jorge},
  journal={Philosophical transactions of the royal society A: Mathematical, Physical and Engineering Sciences},
  volume={374},
  number={2065},
  pages={20150202},
  year={2016},
  publisher={The Royal Society Publishing}
}

@article{jolliffe1990principal,
  title={Principal component analysis: a beginner's guide—I. Introduction and application},
  author={Jolliffe, Ian T},
  journal={Weather},
  volume={45},
  number={10},
  pages={375--382},
  year={1990},
  publisher={Blackwell Publishing Ltd Oxford, UK}
}

@article{hasan2021review,
  title={A review of principal component analysis algorithm for dimensionality reduction},
  author={Hasan, Basna Mohammed Salih and Abdulazeez, Adnan Mohsin},
  journal={Journal of Soft Computing and Data Mining},
  volume={2},
  number={1},
  pages={20--30},
  year={2021}
}

@book{everitt2011introduction,
  title={An introduction to applied multivariate analysis with R},
  author={Everitt, Brian and Hothorn, Torsten},
  year={2011},
  publisher={Springer Science \& Business Media}
}

@article{greenacre2022principal,
  title={Principal component analysis},
  author={Greenacre, Michael and Groenen, Patrick JF and Hastie, Trevor and d’Enza, Alfonso Iodice and Markos, Angelos and Tuzhilina, Elena},
  journal={Nature Reviews Methods Primers},
  volume={2},
  number={1},
  pages={100},
  year={2022},
  publisher={Nature Publishing Group UK London}
}

@article{pearson1901liii,
  title={LIII. On lines and planes of closest fit to systems of points in space},
  author={Pearson, Karl},
  journal={The London, Edinburgh, and Dublin philosophical magazine and journal of science},
  volume={2},
  number={11},
  pages={559--572},
  year={1901},
  publisher={Taylor \& Francis}
}

@article{fisher1923studies,
  title={Studies in crop variation. II. The manurial response of different potato varieties},
  author={Fisher, Ronald A and Mackenzie, Winifred A},
  journal={The Journal of Agricultural Science},
  volume={13},
  number={3},
  pages={311--320},
  year={1923},
  publisher={Cambridge University Press}
}

@misc{abdi2010principal,
  title={Principal component analysis. WIREs Comp Stat 2: 433--459},
  author={Abdi, H and Williams, LJ},
  year={2010}
}

@article{hotelling1933analysis,
  title={Analysis of a complex of statistical variables into principal components.},
  author={Hotelling, Harold},
  journal={Journal of educational psychology},
  volume={24},
  number={6},
  pages={417},
  year={1933},
  publisher={Warwick \& York}
}

@article{wold1987principal,
  title={Principal component analysis},
  author={Wold, Svante and Esbensen, Kim and Geladi, Paul},
  journal={Chemometrics and intelligent laboratory systems},
  volume={2},
  number={1-3},
  pages={37--52},
  year={1987},
  publisher={Elsevier}
}

@book{esposito2020introducing,
  title={Introducing machine learning},
  author={Esposito, Dino and Esposito, Francesco},
  year={2020},
  publisher={Microsoft Press}
}

@misc{lindsay2007tutorial,
  title={A tutorial on principal components analysis, 2002},
  author={Lindsay, I Smith},
  year={2007}
}

@article{turk1991eigenfaces,
  title={Eigenfaces for recognition},
  author={Turk, Matthew and Pentland, Alex},
  journal={Journal of cognitive neuroscience},
  volume={3},
  number={1},
  pages={71--86},
  year={1991},
  publisher={MIT Press One Rogers Street, Cambridge, MA 02142-1209, USA journals-info~…}
}

@article{zhang2008eigenfaces,
  title={Eigenfaces},
  author={Zhang, Sheng and Turk, Matthew},
  journal={Scholarpedia},
  volume={3},
  number={9},
  pages={4244},
  year={2008}
}

@article{pedregosa2011scikit,
  title={Scikit-learn: Machine learning in Python},
  author={Pedregosa, Fabian and Varoquaux, Ga{\"e}l and Gramfort, Alexandre and Michel, Vincent and Thirion, Bertrand and Grisel, Olivier and Blondel, Mathieu and Prettenhofer, Peter and Weiss, Ron and Dubourg, Vincent and others},
  journal={the Journal of machine Learning research},
  volume={12},
  pages={2825--2830},
  year={2011},
  publisher={JMLR. org}
}

@book{maindonald2006data,
  title={Data analysis and graphics using R: an example-based approach},
  author={Maindonald, John and Braun, John},
  volume={10},
  year={2006},
  publisher={Cambridge University Press}
}

@article{lever2017points,
  title={Points of significance: Principal component analysis},
  author={Lever, Jake and Krzywinski, Martin and Altman, Naomi},
  journal={Nature methods},
  volume={14},
  number={7},
  pages={641--643},
  year={2017},
  publisher={Nature Publishing Group}
}

@article{gewers2021principal,
  title={Principal component analysis: A natural approach to data exploration},
  author={Gewers, Felipe L and Ferreira, Gustavo R and Arruda, Henrique F De and Silva, Filipi N and Comin, Cesar H and Amancio, Diego R and Costa, Luciano da F},
  journal={ACM Computing Surveys (CSUR)},
  volume={54},
  number={4},
  pages={1--34},
  year={2021},
  publisher={ACM New York, NY, USA}
}

@book{hopcroft2014foundations,
  title={Foundations of Data Science},
  author={Hopcroft, John and Kannan, Ravi},
  year={2014}
}

@misc{dialysis2023july,
  title={Quarterly Dialysis Facility Care Compare (QDFCC) Report: July 2023},
  url={https://data.cms.gov/provider-data/dataset/2fpu-cgbb},
  urldate={2023-10-11},
  publisher={Centers for Medicare & Medicaid Services (CMS)}
}

@misc{prcomp2023ref,
  title={prcomp, a function of R: A Language and Environment for Statistical Computing},
  author={{R Core Team}},
  organization={R Foundation for Statistical Computing},
  address={Vienna, Austria},
  year={2023},
  url={https://www.rdocumentation.org/packages/stats/versions/3.6.2/topics/prcomp},
  urldate={2023-10-16}
}

@misc{bennett2021linear,
  title={Linear Algebra for Data Science},
  author={Shaina Race Bennett},
  year={2021},
  url={https://shainarace.github.io/LinearAlgebra/index.html},
  urldate={2023-10-16}
}

@book{luenberger1997optimization,
  title={Optimization by Vector Space Methods},
  author={Luenberger, David G},
  year={1997},
  publisher={John Wiley \& Sons}
}

@misc{misc_abalone_1,
  author       = {Nash,Warwick, Sellers,Tracy, Talbot,Simon, Cawthorn,Andrew, and Ford,Wes},
  title        = {{Abalone}},
  year         = {1995},
  howpublished = {UCI Machine Learning Repository},
  note         = {{DOI}: https://doi.org/10.24432/C55C7W}
}

@book{pages2014multiple,
  title={Multiple factor analysis by example using R},
  author={Pag{\`e}s, J{\'e}r{\^o}me},
  year={2014},
  publisher={CRC Press}
}

@misc{eduflair2020,
  author       = {EduFlair KTU CS},
  title        = {PCA problem / How to compute principal components / KTU Machine learning},
  year         = {2020},
  howpublished = {YouTube},
  url={https://youtu.be/MLaJbA82nzk},
  urldate={2023-11-01}
}

@article{chumney2012pcaefa,
  author ={Chumney, F.},
  title ={PCA, EFA, CFA},
  publisher ={University of West Georgia},
  pages ={2-3, 6},
  year ={Sep., 2012},
  url ={https://www.westga.edu/academics/research/vrc/assets/docs/PCA-EFA-CFA_EssayChumney_09282012.pdf}
}

@article{abdi2010pca,
  author = {Abdi, Herve and Williams, Lynne J.},
  title = {Principal Component Analysis},
  journal = {WIREs Computational Statistics},
  volume = {2},
  number = {4},
  pages = {433-459},
  year = {2010},
  doi = {https://doi.org/10.1002/wics.101},
  url = {https://wires.onlinelibrary.wiley.com/doi/abs/10.1002/wics.101}
}